@article{Pathak2011,
  author = {Kailash Pathak},
  journal = {Journal of Global Research in Computer Science},
  title = {Efficient audio processing in android 2.3},
  year = {2011},
  volume = {2},
  number = {7},
  pages = {79-82},
}


@article{LazzaLAC,
  author = {Steven YI and Victor LAZZARINI},
  journal = {Proceedings of the Linux Audio Conference 2012},
  title = {Csound for Android},
  year = {2012},
}


@book{MakingMusicalApps,
    author = {Peter Brinkmann},
    publisher = {O'Reilly Media},
    title = {Making Musical Apps},
    year = {2012}
}

@INPROCEEDINGS{6118781,
author={Cheng-Min Lin and Jyh-Horng Lin and Chyi-Ren Dow and Chang-Ming Wen},
booktitle={Innovations in Bio-inspired Computing and Applications (IBICA), 2011 Second International Conference on}, title={Benchmark Dalvik and Native Code for Android System},
year={2011},
month={dec.},
volume={},
number={},
pages={320 -323},
keywords={Android development platform;Android native development kit;Android programming;Android system;C-C++ compiling;Dalvik Java code;Google;native code;performance analysis;test program;C++ language;Java;mobile computing;operating systems (computers);program compilers;program testing;virtual machines;},
doi={10.1109/IBICA.2011.85},
ISSN={},
}


@article{CooleyTukey,
  author = {James Cooley and John Tukey},
  interhash = {2187c52cd053e20d97b4552b1de66d01},
  intrahash = {fff11135afc0f5d727d1b72fd8b3b199},
  journal = {Mathematics of Computation},
  number = 90,
  pages = {297-301},
  title = {An Algorithm for the Machine Calculation of Complex Fourier Series},
  volume = 19,
  year = 1965,
  timestamp = {2008-03-11T21:08:33.000+0100},
  keywords = {Fourier algorithm fft transform},
  added-at = {2008-03-11T21:08:33.000+0100},
  biburl = {http://www.bibsonomy.org/bibtex/2fff11135afc0f5d727d1b72fd8b3b199/voland}
}

@article{ajbmqzSMC2012,
  author = {Bianchi, AndrÃ© J. and Queiroz, Marcelo},
  title = {On the performance of real-time DSP on Android devices},
  journal = {Proceedings of the 9th Sound and Music Computing Conference},
  year = {2012},
  pages = {113--120},
}


